<?xml version="1.0" encoding="UTF-8" standalone="no"?>
<Document xmlns="urn:iso:std:iso:20022:tech:xsd:pain.008.001.08">

    <CstmrDrctDbtInitn>

        <GrpHdr>

            <MsgId>12345</MsgId>

            <CreDtTm>2025-06-06T13:38:55.349+02:00</CreDtTm>

            <NbOfTxs>9</NbOfTxs>

            <CtrlSum>903.76</CtrlSum>

            <InitgPty>

                <Nm>Hans Mustermann</Nm>

            </InitgPty>

        </GrpHdr>

        <PmtInf>

            <PmtInfId>12345</PmtInfId>

            <PmtMtd>DD</PmtMtd>

            <BtchBookg>true</BtchBookg>

            <NbOfTxs>2</NbOfTxs>

            <CtrlSum>223.44</CtrlSum>

            <PmtTpInf>

                <SvcLvl>

                    <Cd>SEPA</Cd>

                </SvcLvl>

                <LclInstrm>

                    <Cd>CORE</Cd>

                </LclInstrm>

                <SeqTp>OOFF</SeqTp>

            </PmtTpInf>

            <ReqdColltnDt>2025-06-20+02:00</ReqdColltnDt>

            <Cdtr>

                <Nm>Hans Mustermann</Nm>

            </Cdtr>

            <CdtrAcct>

                <Id>

                    <IBAN>DE89370400440532013000</IBAN>

                </Id>

            </CdtrAcct>

            <CdtrAgt>

                <FinInstnId>

                    <BICFI>MALADE51NWD</BICFI>

                </FinInstnId>

            </CdtrAgt>

            <ChrgBr>SLEV</ChrgBr>

            <DrctDbtTxInf>

                <PmtId>

                    <EndToEndId>mandate001</EndToEndId>

                </PmtId>

                <InstdAmt Ccy="EUR">123.45</InstdAmt>

                <DrctDbtTx>

                    <MndtRltdInf>

                        <MndtId>mandate001</MndtId>

                        <DtOfSgntr>2025-06-06+02:00</DtOfSgntr>

                    </MndtRltdInf>

                    <CdtrSchmeId>

                        <Id>

                            <PrvtId>

                                <Othr>

                                    <Id>DE98ZZZ09999999999</Id>

                                    <SchmeNm>

                                        <Prtry>SEPA</Prtry>

                                    </SchmeNm>

                                </Othr>

                            </PrvtId>

                        </Id>

                    </CdtrSchmeId>

                </DrctDbtTx>

                <DbtrAgt>

                    <FinInstnId>

                        <BICFI>MALADE51NWD</BICFI>

                    </FinInstnId>

                </DbtrAgt>

                <Dbtr>

                    <Nm>Arme Wurst</Nm>

                </Dbtr>

                <DbtrAcct>

                    <Id>

                        <IBAN>DE89370400440532013000</IBAN>

                    </Id>

                </DbtrAcct>

                <RmtInf>

                    <Ustrd>test- berweisung</Ustrd>

                </RmtInf>

            </DrctDbtTxInf>

            <DrctDbtTxInf>

                <PmtId>

                    <EndToEndId>mandate001</EndToEndId>

                </PmtId>

                <InstdAmt Ccy="EUR">99.99</InstdAmt>

                <DrctDbtTx>

                    <MndtRltdInf>

                        <MndtId>mandate001</MndtId>

                        <DtOfSgntr>2025-06-06+02:00</DtOfSgntr>

                    </MndtRltdInf>

                    <CdtrSchmeId>

                        <Id>

                            <PrvtId>

                                <Othr>

                                    <Id>DE98ZZZ09999999999</Id>

                                    <SchmeNm>

                                        <Prtry>SEPA</Prtry>

                                    </SchmeNm>

                                </Othr>

                            </PrvtId>

                        </Id>

                    </CdtrSchmeId>

                </DrctDbtTx>

                <DbtrAgt>

                    <FinInstnId>

                        <BICFI>MALADE51NWD</BICFI>

                    </FinInstnId>

                </DbtrAgt>

                <Dbtr>

                    <Nm>Arme Wurst2</Nm>

                </Dbtr>

                <DbtrAcct>

                    <Id>

                        <IBAN>DE89370400440532013000</IBAN>

                    </Id>

                </DbtrAcct>

                <RmtInf>

                    <Ustrd>test- berweisung</Ustrd>

                </RmtInf>

            </DrctDbtTxInf>

        </PmtInf>

        <PmtInf>

            <PmtInfId>12345</PmtInfId>

            <PmtMtd>DD</PmtMtd>

            <BtchBookg>true</BtchBookg>

            <NbOfTxs>3</NbOfTxs>

            <CtrlSum>233.44</CtrlSum>

            <PmtTpInf>

                <SvcLvl>

                    <Cd>SEPA</Cd>

                </SvcLvl>

                <LclInstrm>

                    <Cd>CORE</Cd>

                </LclInstrm>

                <SeqTp>RCUR</SeqTp>

            </PmtTpInf>

            <ReqdColltnDt>2025-06-20+02:00</ReqdColltnDt>

            <Cdtr>

                <Nm>Hans Mustermann</Nm>

            </Cdtr>

            <CdtrAcct>

                <Id>

                    <IBAN>DE89370400440532013000</IBAN>

                </Id>

            </CdtrAcct>

            <CdtrAgt>

                <FinInstnId>

                    <BICFI>MALADE51NWD</BICFI>

                </FinInstnId>

            </CdtrAgt>

            <ChrgBr>SLEV</ChrgBr>

            <DrctDbtTxInf>

                <PmtId>

                    <EndToEndId>mandate001</EndToEndId>

                </PmtId>

                <InstdAmt Ccy="EUR">123.45</InstdAmt>

                <DrctDbtTx>

                    <MndtRltdInf>

                        <MndtId>mandate001</MndtId>

                        <DtOfSgntr>2025-06-06+02:00</DtOfSgntr>

                    </MndtRltdInf>

                    <CdtrSchmeId>

                        <Id>

                            <PrvtId>

                                <Othr>

                                    <Id>DE98ZZZ09999999999</Id>

                                    <SchmeNm>

                                        <Prtry>SEPA</Prtry>

                                    </SchmeNm>

                                </Othr>

                            </PrvtId>

                        </Id>

                    </CdtrSchmeId>

                </DrctDbtTx>

                <DbtrAgt>

                    <FinInstnId>

                        <BICFI>MALADE51NWD</BICFI>

                    </FinInstnId>

                </DbtrAgt>

                <Dbtr>

                    <Nm>Arme Wurst</Nm>

                </Dbtr>

                <DbtrAcct>

                    <Id>

                        <IBAN>DE89370400440532013000</IBAN>

                    </Id>

                </DbtrAcct>

                <RmtInf>

                    <Ustrd>test- berweisung</Ustrd>

                </RmtInf>

            </DrctDbtTxInf>

            <DrctDbtTxInf>

                <PmtId>

                    <EndToEndId>mandate001</EndToEndId>

                </PmtId>

                <InstdAmt Ccy="EUR">99.99</InstdAmt>

                <DrctDbtTx>

                    <MndtRltdInf>

                        <MndtId>mandate001</MndtId>

                        <DtOfSgntr>2025-06-06+02:00</DtOfSgntr>

                    </MndtRltdInf>

                    <CdtrSchmeId>

                        <Id>

                            <PrvtId>

                                <Othr>

                                    <Id>DE98ZZZ09999999999</Id>

                                    <SchmeNm>

                                        <Prtry>SEPA</Prtry>

                                    </SchmeNm>

                                </Othr>

                            </PrvtId>

                        </Id>

                    </CdtrSchmeId>

                </DrctDbtTx>

                <DbtrAgt>

                    <FinInstnId>

                        <BICFI>MALADE51NWD</BICFI>

                    </FinInstnId>

                </DbtrAgt>

                <Dbtr>

                    <Nm>Arme Wurst2</Nm>

                </Dbtr>

                <DbtrAcct>

                    <Id>

                        <IBAN>DE89370400440532013000</IBAN>

                    </Id>

                </DbtrAcct>

                <RmtInf>

                    <Ustrd>test- berweisung</Ustrd>

                </RmtInf>

            </DrctDbtTxInf>

            <DrctDbtTxInf>

                <PmtId>

                    <EndToEndId>mandate001</EndToEndId>

                </PmtId>

                <InstdAmt Ccy="EUR">10.00</InstdAmt>

                <DrctDbtTx>

                    <MndtRltdInf>

                        <MndtId>mandate001</MndtId>

                        <DtOfSgntr>2025-06-06+02:00</DtOfSgntr>

                    </MndtRltdInf>

                    <CdtrSchmeId>

                        <Id>

                            <PrvtId>

                                <Othr>

                                    <Id>DE98ZZZ09999999999</Id>

                                    <SchmeNm>

                                        <Prtry>SEPA</Prtry>

                                    </SchmeNm>

                                </Othr>

                            </PrvtId>

                        </Id>

                    </CdtrSchmeId>

                </DrctDbtTx>

                <DbtrAgt>

                    <FinInstnId>

                        <BICFI>MALADE51NWD</BICFI>

                    </FinInstnId>

                </DbtrAgt>

                <Dbtr>

                    <Nm>Loooooong Loooooong Loooooong Loooooong Loooooong Loooooong Loooooong</Nm>

                </Dbtr>

                <DbtrAcct>

                    <Id>

                        <IBAN>DE89370400440532013000</IBAN>

                    </Id>

                </DbtrAcct>

                <RmtInf>

                    <Ustrd>test- berweisung</Ustrd>

                </RmtInf>

            </DrctDbtTxInf>

        </PmtInf>

        <PmtInf>

            <PmtInfId>12345</PmtInfId>

            <PmtMtd>DD</PmtMtd>

            <BtchBookg>true</BtchBookg>

            <NbOfTxs>2</NbOfTxs>

            <CtrlSum>223.44</CtrlSum>

            <PmtTpInf>

                <SvcLvl>

                    <Cd>SEPA</Cd>

                </SvcLvl>

                <LclInstrm>

                    <Cd>CORE</Cd>

                </LclInstrm>

                <SeqTp>FRST</SeqTp>

            </PmtTpInf>

            <ReqdColltnDt>2025-06-20+02:00</ReqdColltnDt>

            <Cdtr>

                <Nm>Hans Mustermann</Nm>

            </Cdtr>

            <CdtrAcct>

                <Id>

                    <IBAN>DE89370400440532013000</IBAN>

                </Id>

            </CdtrAcct>

            <CdtrAgt>

                <FinInstnId>

                    <BICFI>MALADE51NWD</BICFI>

                </FinInstnId>

            </CdtrAgt>

            <ChrgBr>SLEV</ChrgBr>

            <DrctDbtTxInf>

                <PmtId>

                    <EndToEndId>mandate001</EndToEndId>

                </PmtId>

                <InstdAmt Ccy="EUR">123.45</InstdAmt>

                <DrctDbtTx>

                    <MndtRltdInf>

                        <MndtId>mandate001</MndtId>

                        <DtOfSgntr>2025-06-06+02:00</DtOfSgntr>

                    </MndtRltdInf>

                    <CdtrSchmeId>

                        <Id>

                            <PrvtId>

                                <Othr>

                                    <Id>DE98ZZZ09999999999</Id>

                                    <SchmeNm>

                                        <Prtry>SEPA</Prtry>

                                    </SchmeNm>

                                </Othr>

                            </PrvtId>

                        </Id>

                    </CdtrSchmeId>

                </DrctDbtTx>

                <DbtrAgt>

                    <FinInstnId>

                        <BICFI>MALADE51NWD</BICFI>

                    </FinInstnId>

                </DbtrAgt>

                <Dbtr>

                    <Nm>Arme Wurst</Nm>

                </Dbtr>

                <DbtrAcct>

                    <Id>

                        <IBAN>DE89370400440532013000</IBAN>

                    </Id>

                </DbtrAcct>

                <RmtInf>

                    <Ustrd>test- berweisung</Ustrd>

                </RmtInf>

            </DrctDbtTxInf>

            <DrctDbtTxInf>

                <PmtId>

                    <EndToEndId>mandate001</EndToEndId>

                </PmtId>

                <InstdAmt Ccy="EUR">99.99</InstdAmt>

                <DrctDbtTx>

                    <MndtRltdInf>

                        <MndtId>mandate001</MndtId>

                        <DtOfSgntr>2025-06-06+02:00</DtOfSgntr>

                    </MndtRltdInf>

                    <CdtrSchmeId>

                        <Id>

                            <PrvtId>

                                <Othr>

                                    <Id>DE98ZZZ09999999999</Id>

                                    <SchmeNm>

                                        <Prtry>SEPA</Prtry>

                                    </SchmeNm>

                                </Othr>

                            </PrvtId>

                        </Id>

                    </CdtrSchmeId>

                </DrctDbtTx>

                <DbtrAgt>

                    <FinInstnId>

                        <BICFI>MALADE51NWD</BICFI>

                    </FinInstnId>

                </DbtrAgt>

                <Dbtr>

                    <Nm>Arme Wurst2</Nm>

                </Dbtr>

                <DbtrAcct>

                    <Id>

                        <IBAN>DE89370400440532013000</IBAN>

                    </Id>

                </DbtrAcct>

                <RmtInf>

                    <Ustrd>test- berweisung</Ustrd>

                </RmtInf>

            </DrctDbtTxInf>

        </PmtInf>

        <PmtInf>

            <PmtInfId>12345</PmtInfId>

            <PmtMtd>DD</PmtMtd>

            <BtchBookg>true</BtchBookg>

            <NbOfTxs>2</NbOfTxs>

            <CtrlSum>223.44</CtrlSum>

            <PmtTpInf>

                <SvcLvl>

                    <Cd>SEPA</Cd>

                </SvcLvl>

                <LclInstrm>

                    <Cd>CORE</Cd>

                </LclInstrm>

                <SeqTp>FNAL</SeqTp>

            </PmtTpInf>

            <ReqdColltnDt>2025-06-20+02:00</ReqdColltnDt>

            <Cdtr>

                <Nm>Hans Mustermann</Nm>

            </Cdtr>

            <CdtrAcct>

                <Id>

                    <IBAN>DE89370400440532013000</IBAN>

                </Id>

            </CdtrAcct>

            <CdtrAgt>

                <FinInstnId>

                    <BICFI>MALADE51NWD</BICFI>

                </FinInstnId>

            </CdtrAgt>

            <ChrgBr>SLEV</ChrgBr>

            <DrctDbtTxInf>

                <PmtId>

                    <EndToEndId>mandate001</EndToEndId>

                </PmtId>

                <InstdAmt Ccy="EUR">123.45</InstdAmt>

                <DrctDbtTx>

                    <MndtRltdInf>

                        <MndtId>mandate001</MndtId>

                        <DtOfSgntr>2025-06-06+02:00</DtOfSgntr>

                    </MndtRltdInf>

                    <CdtrSchmeId>

                        <Id>

                            <PrvtId>

                                <Othr>

                                    <Id>DE98ZZZ09999999999</Id>

                                    <SchmeNm>

                                        <Prtry>SEPA</Prtry>

                                    </SchmeNm>

                                </Othr>

                            </PrvtId>

                        </Id>

                    </CdtrSchmeId>

                </DrctDbtTx>

                <DbtrAgt>

                    <FinInstnId>

                        <BICFI>MALADE51NWD</BICFI>

                    </FinInstnId>

                </DbtrAgt>

                <Dbtr>

                    <Nm>Arme Wurst</Nm>

                </Dbtr>

                <DbtrAcct>

                    <Id>

                        <IBAN>DE89370400440532013000</IBAN>

                    </Id>

                </DbtrAcct>

                <RmtInf>

                    <Ustrd>test- berweisung</Ustrd>

                </RmtInf>

            </DrctDbtTxInf>

            <DrctDbtTxInf>

                <PmtId>

                    <EndToEndId>mandate001</EndToEndId>

                </PmtId>

                <InstdAmt Ccy="EUR">99.99</InstdAmt>

                <DrctDbtTx>

                    <MndtRltdInf>

                        <MndtId>mandate001</MndtId>

                        <DtOfSgntr>2025-06-06+02:00</DtOfSgntr>

                    </MndtRltdInf>

                    <CdtrSchmeId>

                        <Id>

                            <PrvtId>

                                <Othr>

                                    <Id>DE98ZZZ09999999999</Id>

                                    <SchmeNm>

                                        <Prtry>SEPA</Prtry>

                                    </SchmeNm>

                                </Othr>

                            </PrvtId>

                        </Id>

                    </CdtrSchmeId>

                </DrctDbtTx>

                <DbtrAgt>

                    <FinInstnId>

                        <BICFI>MALADE51NWD</BICFI>

                    </FinInstnId>

                </DbtrAgt>

                <Dbtr>

                    <Nm>Arme Wurst2</Nm>

                </Dbtr>

                <DbtrAcct>

                    <Id>

                        <IBAN>DE89370400440532013000</IBAN>

                    </Id>

                </DbtrAcct>

                <RmtInf>

                    <Ustrd>test- berweisung</Ustrd>

                </RmtInf>

            </DrctDbtTxInf>

        </PmtInf>

    </CstmrDrctDbtInitn>

</Document>
